@misc{decentralized_business_model,
    author    = {F. Ersam},
    title     = {Blockchain Tokens and the dawn of the Decentralized Business Model. Medium.},
    url       = {\url{https://blog.coinbase.com/app-coins-and-the-dawn-of-the-decentralized-business-model-8b8c951e734f}}
}

@misc{thoughts_on_tokens,
    author    = {Srinivasan, B. S.},
    title     = {Thoughts on Tokens. Medium. },
    url       = {\url{https://news.earn.com/thoughts-on-tokens-436109aabcbe}}
}

@misc{crypto_tokens,
    author    = {Dixon, C.},
    title     = {A Breakthrough in Open Network Design. Medium. },
    url       = {\url{https://medium.com/@cdixon/crypto-tokens-a-breakthrough-in-open-network-design-e600975be2ef}}
}

@book{hirschman1970exit,
  title={Exit, voice, and loyalty: Responses to decline in firms, organizations, and states},
  author={Hirschman, Albert O},
  volume={25},
  year={1970},
  publisher={Harvard university press}
}

@article{rochet2003platform,
  title={Platform competition in two-sided markets},
  author={Rochet, Jean-Charles and Tirole, Jean},
  journal={Journal of the european economic association},
  volume={1},
  number={4},
  pages={990--1029},
  year={2003},
  publisher={Oxford University Press}
}
